@misc{RFC2119,
    series = {Request for Comments},
    number = 2119,
    howpublished = {RFC 2119},
    publisher = {RFC Editor},
    doi = {10.17487/RFC2119},
    url = {https://rfc-editor.org/rfc/rfc2119.txt},
    author = {Scott O. Bradner},
    title = {{Key words for use in RFCs to Indicate Requirement Levels}},
    pagetotal = 3,
    year = 1997,
    month = mar,
    abstract = {In many standards track documents several words are used to signify the requirements in the specification. These words are often capitalized. This document defines these words as they should be interpreted in IETF documents. This document specifies an Internet Best Current Practices for the Internet Community, and requests discussion and suggestions for improvements.},
}

@misc{JSON,
    series = {Request for Comments},
    number = 8259,
    howpublished = {RFC 8259},
    publisher = {RFC Editor},
    doi = {10.17487/RFC8259},
    url = {https://rfc-editor.org/rfc/rfc8259.txt},
    author = {Tim Bray},
    title =  {{The JavaScript Object Notation (JSON) Data Interchange Format}},
    pagetotal = 16,
    year = 2017,
    month = dec,
    abstract = {JavaScript Object Notation (JSON) is a lightweight, text-based, language-independent data interchange format. It was derived from the ECMAScript Programming Language Standard. JSON defines a small set of formatting rules for the portable representation of structured data.},
}
